<?xml version="1.0" encoding="UTF-8"?><collection xmlns="http://www.loc.gov/MARC21/slim"><record><leader>00499nam--2200193-i-4500</leader><controlfield tag="001">000023286</controlfield><controlfield tag="002">20161230</controlfield><controlfield tag="005">20161230201035</controlfield><controlfield tag="008">060222s1000------------r-----000-0-rus-d</controlfield><datafield ind1=" " ind2=" " tag="040"><subfield code="a">IFIN-HH</subfield></datafield><datafield ind1=" " ind2=" " tag="041"><subfield code="a">rus</subfield></datafield><datafield ind1=" " ind2=" " tag="080"><subfield code="a">539.2:548.4.2.01</subfield></datafield><datafield ind1="1" ind2=" " tag="100"><subfield code="a">Oskotskii, V.S</subfield></datafield><datafield ind1="1" ind2="0" tag="245"><subfield code="a">Defekti v kristallah i teploprovodnosti</subfield><subfield code="c">V.s. oskotskii, i.a. smirnov</subfield></datafield><datafield ind1=" " ind2=" " tag="260"><subfield code="a">Leningrad</subfield><subfield code="b">Nauka</subfield><subfield code="c">1972</subfield></datafield><datafield ind1=" " ind2=" " tag="300"><subfield code="a">160P</subfield></datafield><datafield ind1="1" ind2=" " tag="700"><subfield code="a">Smirnov, I.A</subfield></datafield><datafield ind1=" " ind2=" " tag="852"><subfield code="a">38934</subfield><subfield code="c">539.2</subfield></datafield><datafield ind1=" " ind2=" " tag="CAT"><subfield code="a">Sys</subfield><subfield code="c">20121023</subfield><subfield code="h">103616</subfield></datafield></record></collection>